
@book{jacobs2001,
  title = {Categorical Logic and Type Theory},
  author = {Jacobs, Bart},
  year = {2001},
  edition = {paperback},
  publisher = {{Elsevier}},
  location = {{Amsterdam}},
  isbn = {978-0-444-50853-9 978-0-444-50170-7},
  langid = {english},
  number = {141},
  pagetotal = {760},
  series = {Studies in Logic and the Foundations of Mathematics}
}

@incollection{ahman2016,
  title = {Dependent Types and Fibred Computational Effects},
  booktitle = {Foundations of Software Science and Computation Structures},
  author = {Ahman, Danel and Ghani, Neil and Plotkin, Gordon D.},
  editor = {Jacobs, Bart and LÃ¶ding, Christof},
  year = {2016},
  volume = {9634},
  pages = {36--54},
  publisher = {{Springer Berlin Heidelberg}},
  location = {{Berlin, Heidelberg}},
  doi = {10.1007/978-3-662-49630-5\_3},
  isbn = {978-3-662-49629-9 978-3-662-49630-5}
}

@incollection{hasegawa1997,
  title = {Recursion from Cyclic Sharing: {{Traced}} Monoidal Categories and Models of Cyclic Lambda Calculi},
  shorttitle = {Recursion from Cyclic Sharing},
  booktitle = {Typed {{Lambda Calculi}} and {{Applications}}},
  author = {Hasegawa, Masahito},
  editor = {Groote, Philippe and Roger Hindley, J.},
  year = {1997},
  volume = {1210},
  pages = {196--213},
  publisher = {{Springer Berlin Heidelberg}},
  location = {{Berlin, Heidelberg}},
  doi = {10.1007/3-540-62688-3\_37},
  editorb = {Goos, Gerhard and Hartmanis, Juris and Leeuwen, Jan},
  editorbtype = {redactor},
  isbn = {978-3-540-62688-6 978-3-540-68438-1},
  langid = {english},
  series = {Lecture {{Notes}} in {{Computer Science}}}
}

@inproceedings{simpson2000,
  title = {Complete Axioms for Categorical Fixed-Point Operators},
  booktitle = {Proceedings {{Fifteenth Annual IEEE Symposium}} on {{Logic}} in {{Computer Science}} ({{Cat}}. {{No}}.{{99CB36332}})},
  author = {Simpson, A. and Plotkin, G.},
  year = {2000},
  pages = {30--41},
  publisher = {{IEEE Comput. Soc}},
  address = {{Santa Barbara, CA, USA}},
  doi = {10.1109/LICS.2000.855753},
  abstract = {We give an axiomatic treatment of fixed-point operators in categories. A notion of iteration operator is defined, embodying the equational properties of iteration theories. We prove a general completeness theorem for iteration operators, relying on a new, purely syntactic characterisation of the free iteration theory.},
  isbn = {978-0-7695-0725-5},
  language = {en}
}

@inproceedings{vazou2014,
	address = {Gothenburg, Sweden},
	title = {Refinement types for {Haskell}},
	isbn = {978-1-4503-2873-9},
	doi = {10.1145/2628136.2628161},
	language = {en},
	urldate = {2020-05-05},
	booktitle = {Proceedings of the 19th {ACM} {SIGPLAN} international conference on {Functional} programming - {ICFP} '14},
	publisher = {ACM Press},
	author = {Vazou, Niki and Seidel, Eric L. and Jhala, Ranjit and Vytiniotis, Dimitrios and Peyton-Jones, Simon},
	year = {2014},
	pages = {269--282}
}

@phdthesis{levy2001,
	type = {{PhD} {Thesis}},
	title = {Call-by-push-value},
	url = {http://ethos.bl.uk/OrderDetails.do?uin=uk.bl.ethos.369233},
	school = {Queen Mary University of London, UK},
	author = {Levy, Paul Blain},
	year = {2001}
}


@phdthesis{hermida1993,
	type = {{PhD} {Thesis}},
	title = {Fibrations, logical predicates and indeterminates},
	school = {University of Edinburgh, UK},
	author = {Hermida, Claudio},
	year = {1993}
}
